@article{marlow2000spending,
  title={Spending, school structure, and public education quality. Evidence from California},
  author={Marlow, Michael L},
  journal={Economics of Education Review},
  volume={19},
  number={1},
  pages={89--106},
  year={2000},
  publisher={Elsevier}
}
@article{dill2005academic,
  title={Academic quality, league tables, and public policy: A cross-national analysis of university ranking systems},
  author={Dill, David D and Soo, Maarja},
  journal={Higher education},
  volume={49},
  number={4},
  pages={495--533},
  year={2005},
  publisher={Springer}
}
@article{murias2008composite,
  title={A composite indicator for university quality assesment: The case of Spanish higher education system},
  author={Murias, Pilar and de Miguel, Jos{\'e} Carlos and Rodr{\'\i}guez, David},
  journal={Social Indicators Research},
  volume={89},
  number={1},
  pages={129--146},
  year={2008},
  publisher={Springer}
}
@article{van2009does,
  title={Does university quality drive international student flows?},
  author={Van Bouwel, Linda and Veugelers, Reinhilde},
  journal={Available at SSRN 1538118},
  year={2009}
}
@article{mcaleer2005ten,
  title={The Ten Commandments for ranking university quality},
  author={McAleer, Michael},
  journal={Journal of Economic Surveys},
  volume={19},
  number={4},
  pages={649--653},
  year={2005},
  publisher={Wiley Online Library}
}
@article{gonzalez2006dimensions,
  title={Dimensions for evaluating university quality in the European Space for Higher Education},
  author={Gonz{\'a}lez-L{\'o}pez, Ignacio},
  journal={Electronic journal of research in educational psychology},
  volume={4},
  number={3},
  pages={445--468},
  year={2006},
  publisher={University of Almeria, Education \& Psychology I+ D+ i. Faculty of Psychology Department of Educational and Developmental Psychology, Carretera de Sacramento s/n, 04120 LaCanada de San Urbano, Almeria, Spain}
}
@misc{timesdata,
  title={World University Rankings 2011-2016},
  author={{\relax Times Higher Education}},
  year={2016},
  url={https://www.kaggle.com/mylesoneill/world-university-rankings}
}
@misc{shanghaidata,
  title={Academic Ranking of World Universities 2011-2015},
  author={{\relax Shanghai Ranking Consultancy}},
  year={2015},
  url={https://www.kaggle.com/mylesoneill/world-university-rankings}
}
@misc{worldbank,
  title={World Development Indicators},
  author={{\relax The World Bank}},
  year={2016},
  url={http://data.worldbank.org/indicator}
}
